<?xml version="1.0" encoding="UTF-8"?><collection xmlns="http://www.loc.gov/MARC21/slim"><record><leader>00440nam--2200145-i-4500</leader><controlfield tag="001">000003543</controlfield><controlfield tag="002">20161230</controlfield><controlfield tag="005">20170220003422</controlfield><controlfield tag="008">060222s1000------------r-----000-0-eng-d</controlfield><datafield ind1=" " ind2=" " tag="100"><subfield code="a">Carapetiant, M. H</subfield></datafield><datafield ind1=" " ind2=" " tag="245"><subfield code="a">Termodinamica chimica. Sub redactia prof.N.I.C. Obozev si a prof.V.A.Chireev. Traducere din limba rusa</subfield></datafield><datafield ind1=" " ind2=" " tag="260"><subfield code="a">Bucuresti</subfield><subfield code="b">Editura Tehnica</subfield><subfield code="c">1953</subfield></datafield><datafield ind1=" " ind2=" " tag="300"><subfield code="a">458 p</subfield></datafield><datafield ind1=" " ind2=" " tag="852"><subfield code="a">541.11:536.7</subfield></datafield><datafield ind1=" " ind2=" " tag="CAT"><subfield code="a">SYS</subfield><subfield code="c">20170220</subfield><subfield code="h">003422</subfield></datafield></record></collection>